%============ Bibliography Syntaxe ============%
%      Just follow examples written below      %
%==============================================%
@misc{sopra1,
    title         = "entreprise Talan",
  url           = "https://www.talan.com",
  note          = "[Accès 15-02-2020]"
}  

@misc{NVD,
    title         = "National Vulnerability Database - NIST",
  url           = "https://nvd.nist.gov/vuln",
  note          = "[Accès 27-02-2019]"
}  

@misc{WASC,
    title         = "Web Application Security Consortium",
  url           = "http://www.webappsec.org/",
  note          = "[Accès 01-03-2019]"
}

@misc{OWASP,
    title         = "OWASP website",
  url           = "https://owasp.org/",
  note          = "[Accès 01-03-2019]"
}

@misc{SensePost,
    title         = "Méthodologie du SensePost ",
  url           = "https://sensepost.com/assessments/methodologies/",
  note          = "[Accès 05-03-2019]"
}

@misc{ISSAF,
    title         = "Méthodologie d'ISSAF ",
  url           = "https://www.owasp.org/index.php/Penetration_testing_methodologies#Information_Systems_Security_Assessment_Framework_.28ISSAF.29",
  note          = "[Accès 06-03-2019]"
}

@misc{OISSG,
    title         = "OISSG  ",
  url           = "https://oissggroup.com/",
  note          = "[Accès 06-03-2019]"
}

@misc{OSSTMM,
    title         = "Résumé d'OSSTMM",
  url           = "https://securiteam.com/securityreviews/5LP0L20AUQ",
  note          = "[Accès 06-03-2019]"
}

@misc{PTES,
    title         = "Méthodologie de pentest du PTES",
  url           = "https://www.owasp.org/index.php/Penetration_testing_methodologies",
  note          = "[Accès 07-03-2019]"
}

@misc{Microservice,
    title         = "Réglement en ligne du RGPD",
  url           = "https://eur-lex.europa.eu/legal-content/FR/TXT/?uri=CELEX:32016R0679",
  note          = "[Accès 09-03-2019]"
}

@misc{redirection,
    title         = "architecture Microservice",
  url           = "https://blog.soat.fr/2017/07/pourquoi-et-sous-quel-condition-utiliser-les-microservices/",
  note          = "[Accès 20-02-2020]"
}  

@misc{PCIDSS,
    title         = "présentation de l'entreprise Talan",
  url           = "https://www.linkedin.com/company/talan-tunisie/about/",
  note          = "[Accès 14-02-2020]"
}

@misc{BurpSuite,
    title         = "Scanner de vulnérabilités Web",
  url           = "https://portswigger.net/burp",
  note          = "[Accès 20-03-2019]"
}

@misc{Nessus,
    title         = "Outil de sécurité Nessus",
  url           = "https://fr.tenable.com/products/nessus",
  note          = "[Accès 20-03-2019]"
}

@misc{sqlmap,
    title         = "Outil de sécurité de base de données sqlmap",
  url           = "http://sqlmap.org/",
  note          = "[Accès 20-03-2019]"
}

@misc{Arachni,
    title         = "Scanner Web Arachni",
  url           = "http://www.arachni-scanner.com/",
  note          = "[Accès 23-03-2019]"
}

@misc{ZAP,
    title         = "l'outil fourni d'OWASP",
  url           = "https://zaproxy.org",
  note          = "[Accès 25-03-2019]"
}

@misc{Wikto,
    title         = "Wikto outil fourni par SensePost",
  url           = "https://github.com/sensepost/wikto",
  note          = "[Accès 29-03-2019]"
}

@misc{Nikto,
    title         = "L'outil de Nikto ",
  url           = "https://cirt.net/Nikto2",
  note          = "[Accès 29-03-2019]"
}

@misc{Zenmap,
    title         = "L'outil Zenmap ",
  url           = "https://nmap.org/zenmap/",
  note          = "[Accès 30-03-2019]"
}

@misc{Nmap,
    title         = "L'outil nmap ",
  url           = "https://nmap.org/",
  note          = "[Accès 30-03-2019]"
}

@misc{dirbuster,
    title         = "L'outil Dirbuster ",
  url           = "https://www.owasp.org/index.php/Category:OWASP_DirBuster_Project",
  note          = "[Accès 04-04-2019]"
}

@misc{Python,
    title         = "Documentation de Python 3 ",
  url           = "https://docs.python.org/3/",
  note          = "[Accès 25-04-2019]"
}

@misc{Django,
    title         = "Plateforme web Django ",
  url           = "https://www.djangoproject.com/",
  note          = "[Accès 29-04-2019]"
}

@misc{Tkinter,
    title         = "Bibliothéque graphique Tkinter ",
  url           = "https://tkdocs.com/",
  note          = "[Accès 29-04-2019]"
}

@misc{TOPDOWN,
    title         = "Défintion et critère de TOPDOWN ",
  url           = "https://epargne.ooreka.fr/astuce/voir/598485/top-down-et-bottom-up",
  note          = "[Accès 10-05-2019]"
}

@misc{scrum,
    title         = "Défintion du SCRUM",
  url           = "https://fr.wikipedia.org/wiki/Scrum_(d%C3%A9veloppement)",
  note          = "[Accès 13-05-2019]"
}

@misc{RGPD,
    title         = "entreprise Talan",
  url           = "https://www.talan.com",
  note          = "[Accès 8-02-2020]"
}

@misc{CSRF,
    title         = "architecture monolithique",
  url           = "https://whatis.techtarget.com/fr/definition/architecture-monolithique",
  note          = "[Accès 20-05-2019]"
}